@article{stoica2003chord,
  author    = {Ion Stoica and Robert Morris and David Liben-Nowell and David R. Karger and M. Frans Kaashoek and Frank Dabek and Hari Balakrishnan},
  title     = {Chord: A scalable peer-to-peer lookup protocol for Internet applications},
  journal   = {IEEE/ACM Transactions on Networking},
  volume    = {11},
  number    = {1},
  pages     = {17--32},
  year      = {2003},
  publisher = {IEEE},
  issn      = {1063-6692}
}

@inproceedings{dabek2004dht,
  author    = {Frank Dabek and M. Frans Kaashoek and David Karger and Robert Morris and Ion Stoica},
  title     = {Designing a DHT for Low Latency and High Throughput},
  booktitle = {Proceedings of the 1st Symposium on Networked Systems Design and Implementation (NSDI)},
  year      = {2004},
  pages     = {85--98},
  publisher = {USENIX}
}

@article{tauber2010autonomic,
  author    = {Markus Tauber and Schahram Dustdar and Hong-Linh Truong},
  title     = {Autonomic management of {Chord} overlay networks},
  journal   = {arXiv preprint arXiv:1006.1578},
  year      = {2010}
}
